01,122099999,123456789,040621,0200,1,55,,2/
02,031001234,122099999,1,040620,2359,,2/
03,0975312468,,010,500000,,,190,70000000,4,0/
16,165,1500000,1,DD1620,, DEALER PAYMENTS
16,115,10000000,S,5000000,4000000,1000000/
88,AX13612,B096132,AMALGAMATED CORP. LOCKBOX
88,DEPOSIT-MISC. RECEIVABLES
49,18650000,3/
98,11800000,2,6/
99,1215450000,4,36/
