01,103100195,103100195,220919,2112,4,,,2/   02,103100195,103100195,1,220919,2400,USD,2/
03,1111111,,010,-3500,,,015,-3600,,,040,-3500,,,060,-3600,,,100,3100,3,,400,3200,3,,/
16,142,2500,Z,,,TRANSFER   PAYPAL             PPD/ 16,142,500,Z,,,TRANSFER   MSPBNA BANK        PPD/
16,142,100,Z,,,Ext Trnsfr JPMorgan Chase     PPD/
16,451,2500,Z,,,111111     ACH_SETL           1111111111                    111111111111111        /
88,       1111111111/
16,451,600,Z,,,111111     ACH_SETL           1111111111                    111111111111111         /
88,      1111111111/
16,451,100,Z,,,Ext Trnsfr JPMorgan Chase     1111111111                    111111111111111         /
88,      11111111111/         49,-1600,11/  03,1111111,,010,00,,,015,00,,,040,00,,,060,00,,,100,00,0,,400,00,0,,/
49,00,2/  03,1111111,,010,00,,,015,00,,,040,00,,,060,00,,,100,00,0,,400,00,0,,/ 49,00,2/
03,1111111,,010,-55703,,,015,-86406,,,040,-55703,,,060,-86406,,,100,00,0,,400,30703,2,,/
16,451,27500,Z,,,Visa Billing FTSRE Sept 22/ 16,451,3203,Z,,,Visa Billing Sept 22/  49,-222812,4/
03,1111111,,010,98547,,,015,98547,,,040,98547,,,060,98547,,,100,00,0,,400,00,0,,/  49,394188,2/
03,1111111,,010,00,,,015,00,,,040,00,,,060,00,,,100,00,0,,400,00,0,,/  49,00,2/
03,1111111,,010,00,,,015,00,,,040,00,,,060,00,,,100,00,0,,400,00,0,,/  49,00,2/
03,11111111,,010,625266,,,015,610315,,,040,625266,,,060,610315,,,100,3700,3,,400,18651,3,,/
16,142,2500,Z,,,111111     ACH_SETL           1111111111
111111111111111        /
88,       1111111111/
16,142,600,Z,,,111111     ACH_SETL           1111111111                    111111111111111         /
88,      1111111111/
16,142,600,Z,,,111111     VSN_SETL           1111111111                    111111111111111         /
88,      1111111111/
16,451,11521,Z,,,111111     BII_SETL           1111111111                    111111111111111       /
88,        1111111111/
16,451,4783,Z,,,111111     BII_SETL           1111111111                    111111111111111        /
88,       1111111111/
16,451,2347,Z,,,111111     BII_SETL           1111111111                    111111111111111        /
88,       1111111111/
49,2515864,14/
03,11111111,,010,-73135,,,015,-78759,,,040,-73135,,,060,-78759,,,100,320,2,,400,5944,2,,/
16,142,215,Z,,,1111111111 CHIME HUBBLE       PPD/
16,142,105,Z,,,1111111111 CHIME HUBBLE       PPD/
16,451,5857,Z,,,Visa Billing Sept 22/
16,451,87,Z,,,1111111111 CHIME HUBBLE       PPD/
49,-291260,6/
03,11111111,,010,-4078,,,015,27595,,,040,-4078,,,060,27595,,,100,32593,5,,400,920,3,,/
16,195,13855,Z,,,Wire Transfer Credit          VISA INTERNATIONAL            900 METRO CENTER BLVD /
88,        FOSTER CITY       CA 94404/
16,142,11521,Z,,,111111     BII_SETL           1111111111                    111111111111111       /
88,        1111111111/
16,142,4783,Z,,,111111     BII_SETL           1111111111                    111111111111111        /
88,       1111111111/
16,142,2347,Z,,,111111     BII_SETL           1111111111                    111111111111111        /
88,       1111111111/
16,142,87,Z,,,1111111111 CHIME HUBBLE       PPD/
16,451,600,Z,,,111111     VSN_SETL           1111111111                    111111111111111         /
88,      1111111111/
16,451,215,Z,,,HBLE091722 CHIME HUBBLE       PPD/
16,451,105,Z,,,HBLE091622 CHIME HUBBLE       PPD/
49,114060,15/
03,11111111,,010,00,,,015,00,,,040,00,,,060,00,,,100,00,0,,400,00,0,,/
49,00,2/
03,11111111,,010,00,,,015,00,,,040,00,,,060,00,,,100,00,0,,400,00,0,,/
49,00,2/
03,11111111,,010,00,,,015,00,,,040,00,,,060,00,,,100,00,0,,400,00,0,,/
49,00,2/
03,11111111,,010,00,,,015,00,,,040,00,,,060,00,,,100,00,0,,400,00,0,,/
49,00,2/
03,11111111,,010,00,,,015,00,,,040,00,,,060,00,,,100,00,0,,400,00,0,,/
49,00,2/
98,2508440,15,72/
99,2508440,1,74/